% use {{}} for author with one name

@misc {GitHubRepo,
    author = {Alyanna McGrath},
    url = {https://github.com/mcgrath-a/oxyEats2},
  title = {OxyEats Github Repo},
  year = {2024}
}
@misc {NPS,
    author = {Adam Bunker},
    url = {https://www.qualtrics.com/experience-management/customer/net-promoter-score/},
  title = {What is NPS? The ultimate guide to boosting your Net Promoter Score},
  year = {2023}
}

@misc {Fedosova2022,
    author = {Fedosova, Kateryna},
    url = {https://doi.org/10.15587/2706-5448.2022.253040},
  title = {Development of an Effective Restaurant Menu. Research and Recommendations},
  year = {2022}
}
@misc {Covid2021,
    author = {Prawannarat Brewer and Angela G Sebby},
    url = {https://doi:10.1016/j.ijhm.2020.102777},
  title = {The effect of online restaurant menus on consumers' purchase intentions during the COVID-19 pandemic},
  year = {2021}
}

@misc {Web2009,
    author = {Patrick J. Lynch, and Sarah Horton},
    url = {http://ebookcentral.proquest.com/lib/oxy/detail.action?docID=3420419},
  title = {Web Style Guide: Basic Design Principles for Creating Web Sites},
  year = {2009}
}
@misc {Gonzales2020,
    author = {Amy L. Gonzales and Jessica McCrory Calarco and
 Teresa Lynch},
    url = {https://doi.org/10.1177/0093650218796366.},
  title = {Technology Problems and Student
Achievement Gaps: A Validation and Extension of
the Technology Maintenance Construct},
  year = {2020}
}
@misc {AAU,
    author = {Max Rehkopf},
    url = {https://www.atlassian.com/agile/project-management/user-stories?},
  title = {User stories with examples and a template},
  year = {}
}

@misc {UXR,
    author = {Quintin Carlson},
    url = {https://uxrfieldguide.com/how-to-ask-questions/},
  title = {How to Ask Questions},
  year = {2018}
}




@misc {Norhaya2023,
    author = {Norhaya Hanum and Amir bin Manshoor},
    url = {https://doi.org/10.3390/healthcare5040060},
  title = {The Factors That Influence Students’ Choice of Dining-Out},
  year = {2023}
}

@misc {NewEngland2011,
    author = {{New England Board of Higher Education}},
    url = {https://nebhe.org/newslink/how-college-students-spend-their-time-sleep-first-class-later/?utm_source=chatgpt.com},
  title = {How College Students Spend Their Time: Sleep First, Class Later},
  year = {2011}
}

@misc {ISO2018,
    author = {{ISO 9241-11}},
    url = {https://www.iso.org/standard/63500.html},
  title = {Ergonomics of Human-system Interaction — Part 11: Usability:
Definitions and Concepts},
  year = {2018}
}

@misc {UX2022,
    author = {Junfeng Wang and Zhiyu Xu and Xi Wang and Jingjing Lu},
    url = {http://dx.doi.org/10.14569/IJACSA.2022.0130804},
  title = {A Comparative Research on Usability and User Experience of User Interface Design Software},
  year = {2022}
}

@misc {Apel2009AnOO,
  title={An Overview of Feature-Oriented Software Development},
  author={Sven Apel and Christian K{\"a}stner},
  year={2009},
  url={https://api.semanticscholar.org/CorpusID:417250}
}


@misc {OxyAthleticInterests,
   author = {{Occidental College}},
   url = {https://www.oxy.edu/admission-aid/apply/application-requirements/athletic-interests},
   title = {Athletic Interests},
}
@misc {Eberhardt2024MongoDB,
   url = {https://developer.ibm.com/tutorials/awb-accessing-mongodb-using-graphql-interface/},
   title = {Access MongoDB using a GraphQL interface},
   author = {Carlos, Eberhardt},
   year = {2024},
}

@misc {Burrows2017,
    author = {Burrows, T. L. and Whatnall, M. C. and Patterson, A. J. and Hutchesson, M. J.},
    url = {https://doi.org/10.3390/healthcare5040060},
  title = {Associations between Dietary Intake and Academic Achievement in College Students: A Systematic Review},
  year = {2017}
}

@misc{Ford2023,
  author    = {Ford, Jordan},
  title     = {Email scammers tailor methods to target universities},
  year      = {2023},
  url       = {https://www.psu.edu/news/information-sciences-and-technology/story/email-scammers-tailor-methods-target-universities/},
}
@misc{Wang2023,
  author    = {Wang, J.C. and Hsieh, C.Y. and Kung, S.H.},
  title     = {The impact of smartphone use on learning effectiveness: A case study of primary school students},
  year      = {2023},
  url       = {https://doi.org/10.1007/s10639-022-11430-9},
}








